2782 4637
482 215 975 288 LIBER
1073 203 1674 276 SEXTUS.
1907 221 2024 284 251

217 349 398 410 beant
452 348 642 408 latera
679 341 845 404 circa
887 342 1161 424 aequales
1202 336 1476 417 angulos
1518 324 1719 395 ACD
1754 374 1774 409 ‚
1821 325 2030 410 FHI,

213 425 753 510 proportionalia,
811 426 1209 508 aequiangula
1265 432 1499 496 erunt,
1551 413 1823 494 ideoque
1864 411 2033 475 fimi·-

217 516 321 577 lia.
408 511 780 592 Eademque
835 507 993 568 ratio
1046 505 1129 568 est
1184 503 1261 566 de
1314 502 1448 565 aliis
1486 496 1794 568 ,omnibus
1839 496 2028 559 trian-

215 598 423 679 gulis,
469 593 511 655 fi
556 597 736 672 plura
772 588 1025 652 fuerint.

306 678 477 741 Dico
537 687 870 755 praeterea,
939 671 1251 750 triangula
1319 666 1452 727 haec
1507 659 1628 723 effe
1681 663 2038 742 homologa

220 764 375 827 totis
419 756 762 841 polygonis
791 803 812 837 ,
872 757 997 817 hoc
1036 753 1155 836 est,
1201 755 1284 815 ita
1320 745 1442 810 effe
1481 744 1806 829 quodlibet
1850 746 2043 809 trian-

217 849 470 925 gulum
508 844 574 905 in
629 857 767 905 uno
822 843 1155 920 polygonq
1196 834 1272 898 ad
1313 832 1504 894 suum
1543 825 2043 907 correspondens

219 928 613 1008 triangulum
675 925 740 985 in
794 927 995 984 altero
1049 923 1382 1000 polygono
1413 959 1433 993 ‚
1489 927 1563 976 ut
1632 914 2043 992 polygonum

228 1008 310 1073 ad
351 1015 781 1090 polygonum.
869 1003 1200 1083 Quoniam
1260 1001 1427 1062 enim
1493 994 1711 1056 similia
1751 990 1895 1056 sunt
1935 991 2046 1053 tri-

229 1095 476 1173 angula
525 1086 713 1154 ABC
755 1133 774 1170 ‚
836 1087 886 1149 F
894 1086 1028 1151 GH
1063 1133 1082 1166 ‚
1139 1085 1248 1147 erit
1296 1098 1520 1144 eorum
1561 1077 1886 1157 proportio
1927 1074 2048 1137 du-

228 1174 463 1254 plicata
514 1171 939 1254 proportionis
996 1171 1508 1248 homologorum
1563 1166 1833 1225 laterum
1872 1155 2048 1239 AG,

143 1296 164 1305 -
230 1255 375 1321 FH.
450 1259 734 1340 gAtque
790 1253 1013 1316 eodem
1070 1261 1448 1332 argumento
1492 1243 1816 1324 proportio
1858 1255 2048 1304 trian-
2083 1259 2360 1339 ξηρῆς

237 1343 552 1422 gulorum
590 1335 829 1419 ACD,
875 1335 927 1399 F
934 1334 1076 1415 HI,
1117 1333 1434 1414 duplicata
1474 1328 1582 1389 erit
1623 1325 2046 1406 proportionis
2103 1341 2107 1346 ’
2346 1328 2358 1339 '

237 1421 587 1484 eorundem
675 1427 944 1483 laterum
1037 1421 1550 1496 homologorurn
1628 1405 1755 1472 AC
1797 1453 1815 1486 ‚
1890 1405 1942 1469 F
1947 1407 2042 1471 H.

234 1503 455 1588 Quare
494 1517 561 1567 ut
602 1505 998 1585 triangulum
1035 1497 1252 1582 ABG,
1299 1497 1375 1560 ad
1408 1497 1803 1576 triangulum
1819 1489 2045 1572 FGH,

237 1588 325 1649 ita
368 1587 478 1648 erit
533 1587 925 1670 triangulum
973 1582 1220 1662 ACD,
1278 1579 1354 1643 ad
1413 1578 1797 1656 triangulum
1855 1568 2084 1653 FHI„

239 1687 397 1731 cum
439 1671 878 1753 utraque-haec
921 1667 1248 1748 proportio
1310 1660 1777 1741 triangulorum
1823 1654 1893 1716 fit
1934 1655 2056 1718 du-

232 1752 467 1832 plicata
508 1750 787 1830 ejusdem
830 1750 1253 1830 proportionis
1298 1744 1502 1807 lateris
1543 1739 1713 1821 AC,
1761 1739 1837 1800 ad
1884 1741 2056 1801 latus

234 1833 390 1897 FH:
462 1833 687 1919 Neque
729 1832 997 1897 diffimili
1038 1833 1279 1896 ratione
1316 1825 1737 1889 concludetur
1837 1839 2060 1904 uoque

238 1914 363 1978 effe
419 1918 806 1999 triangulum
859 1914 1058 1980 ADE
1089 1963 1108 1998 ,
1166 1913 1242 1978 ad
1284 1913 1670 1990 triangulum
1710 1838 1868 1968 ΡΙῗ(
1897 1949 1915 1984 ,
1977 1914 2058 1967 ut

239 1996 479 2095 ACD,
524 2000 600 2063 ad
645 1998 840 2067 FHI:
889 2003 1112 2085 Atque
1149 1998 1233 2062 ita
1258 1995 1580 2072 deinceps,
1628 1990 1867 2070 fiplura
1905 1986 2052 2050 fue-

135 2150 141 2155 ,
240 2096 365 2144 rint
421 2084 755 2163 triangula.
839 2085 998 2147 Sunt
1056 2083 1239 2163 igitur
1307 2074 1800 2158 proportionalia
1861 2071 2058 2133 trian-

243 2170 399 2247 gula
451 2169 637 2230 unius
698 2167 1005 2248 polygoni
1059 2184 1212 2227 curn
1251 2158 1583 2241 triangulis
1624 2156 1917 2230 alteriuS‚
1968 2156 2052 2218 ita
2120 2198 2127 2204 -

244 2262 319 2312 ut
359 2249 669 2333 triangula
720 2251 910 2312 unius
973 2246 1089 2308 fint
1130 2242 1588 2321 antecedentia,
1638 2237 1703 2303 &
1745 2238 2058 2316 triangula

242 2336 500 2400 alterius
571 2331 1023 2419 consequentia
1084 2329 1586 2410 proportionum.
1672 2317 1773 2385 Ut
1841 2334 2056 2381 autem

244 2433 454 2479 unum
506 2416 881 2479 antecedens
939 2413 1016 2477 ad
1055 2431 1263 2477 unum
1305 2408 1697 2492 consequens
1727 2403 1864 2481 fita
1905 2400 2051 2464 sunt
2082 2403 2373 2487 fraqam:

245 2500 465 2562 omnia
518 2498 946 2563 antecedentia
1000 2497 1077 2561 ad
1117 2496 1330 2558 omnia
1368 2487 1837 2573 consequentia.
1921 2485 2054 2567 Igi-
2307 2478 2316 2486 ’
2364 2482 2371 2486 ’

163 2635 166 2636 ⁷
240 2595 348 2644 tur
402 2594 475 2648 ut
537 2583 868 2668 quodlibet
918 2580 1309 2662 triangulum
1368 2575 1555 2639 unius
1612 2570 1919 2654 polygoni
1978 2568 2058 2633 ad

244 2663 354 2727 fibi
425 2663 805 2748 respondens
877 2663 1267 2747 triangulum
1366 2658 1617 2723 alterius
1661 2702 1680 2737 ,
1769 2654 1854 2715 ita
1941 2655 2056 2718 erit

243 2762 465 2811 totum
563 2753 969 2832 polygonum
1068 2746 1146 2810 ad
1238 2758 1452 2810 totum
1564 2745 1972 2823 polygonum
2031 2755 2056 2813 ς

241 2830 518 2933 ideoque
591 2833 907 2916 triangula
986 2830 1338 2913 homologa
1410 2839 1594 2890 erunt
1657 2820 1809 2887 totis
1869 2824 2058 2903 poly-

288 2934 453 2981 onis.
761 2965 770 2970 ,
1219 2969 1240 2989 ‚
1416 2963 1421 2968 ,
1477 2942 1479 2945 <

240 2939 284 3005 g
331 2999 503 3064 Dico
555 2997 923 3081 postremO,
984 3003 1309 3082 polygona
1367 2997 1524 3059 inter
1583 2989 1645 3053 se
1701 2986 2064 3069 proportio-

245 3100 405 3151 nem
443 3083 659 3145 babere
695 3082 1084 3164 duplicatam
1125 3099 1262 3160 ejus
1291 3126 1311 3161 ‚
1357 3096 1555 3163 quam
1595 3074 1818 3138 habent
1864 3074 2057 3136 latera

242 3167 652 3257 homologa‚
696 3166 823 3229 hoc
871 3165 991 3247 est,
1039 3155 1079 3227 fi
1128 3162 1492 3244 homologis
1538 3156 1869 3231 lateribuS,
1913 3172 2054 3215 ver-

240 3255 305 3317 bi
346 3261 576 3333 gratia,
620 3246 792 3331 AB,
854 3246 977 3314 FG
1019 3296 1041 3334 ,
1086 3246 1440 3321 inveniatur
1477 3242 1658 3305 ‘tertia
1703 3239 1866 3300 linea
1905 3253 2056 3315 pro-

238 3325 620 3419 portionalis
650 3378 672 3414 ‚
699 3333 801 3400 ,ita
840 3330 957 3402 effe,
996 3338 1402 3416 polygonum
1442 3321 1797 3403 ABCDE„
1824 3319 1901 3382 ad
1941 3338 2072 3401 po-

167 3484 171 3488 .
229 3426 567 3505 *lygonum
611 3414 988 3502 ·FGH1K,·
1018 3430 1091 3480 ut
1142 3416 1226 3479 est
1281 3414 1488 3495 prima
1537 3411 1717 3473 linea·
1748 3403 2058 3487 AB,2ad
2099 3395 2199 3443 '7²
2232 3397 2260 3443 Τ
2322 3475 2331 3480 ‚

231 3504 495 3568 tertiam
543 3503 915 3566 inventam:
977 3520 1052 3566 ac
1107 3498 1439 3581 proindef
1487 3512 1637 3558 cum
1728 3488 2064 3571 proportio

245 3585 410 3669 AB,
460 3585 538 3651 ad
578 3586 760 3650 illam
796 3586 1041 3649 tertiam
1077 3630 1098 3668 ‚
1154 3583 1395 3649 dicatur
1433 3578 1749 3659 duplicata
1789 3581 2059 3652 propof-
2167 3585 2180 3597 ·

233 3670 433 3737 tionis
485 3666 614 3738 AB
642 3667 797 3754 sad
835 3668 960 3737 FG
985 3714 1011 3752 ,
1081 3666 1203 3733 dici
1233 3665 1521 3755 quoqne
1562 3654 2052 3815 proportioni?

1870 3750 1956 3814 ΡΟ
2026 3756 2060 3816 ⁸,
