2782 4637
654 277 821 335 xm
897 256 1220 330 BREvls
1250 254 1769 324 NARRATIO
1829 242 2331 328 HtsTORIC'A

663 441 1194 550 argumentandi
1270 439 1611 539 quosdam
1660 474 1718 529 ‚·
1780 438 1855 513 in
1893 436 2043 537 'pro
2094 440 2476 516 ortionibus

668 547 859 646 apud
925 543 1338 616 Geometras
1404 534 1940 634 frequentissime
1986 562 2033 611 u
2061 557 2316 613 iratos:
2388 540 2481 612 al·

669 664 944 725 oernam
990 638 1104 712 seu
1153 653 1619 732 permutatam
1662 635 2044 727 rationem,
2095 635 2440 711 inversam
2458 684 2479 727 3

669 733 1252 834 oompofitionem
1279 781 1301 822 3
1370 731 1782 807 divifionem
1812 789 1835 823 ,
1907 734 2314 807 converfion
2322 757 2438 806 em
2456 790 2479 822 ‚

675 861 769 914 ex
837 830 1231 932 aequalitate
1309 830 1702 924 ordinatam
1783 853 1869 904 ac
1938 833 2412 928 perturbatam
2458 856 2501 921 3·

677 937 925 1011 firmos
980 952 1079 1002 ac.
1124 926 1394 1002 validos
1455 925 1593 1002 effe
1652 925 1979 1002 ostendit.
2421 992 2444 1019 χ

646 1070 653 1073 -
702 1064 722 1104 ;
744 1050 750 1060 ·
771 1039 856 1104 In
871 1032 1049 1122 sexto
1076 1026 1233 1098 libro
1249 1080 1270 1115 ‚
1320 1025 1811 1123 proportiones
1845 1026 2222 1124 figurarum
2257 1026 2494 1123 plana-

679 1154 837 1209 mm
862 1122 1362 1201 commonstrat
1380 1176 1401 1212 ‚
1453 1121 1824 1197 ostendens
1838 1125 2309 1199 Phaenomena
2330 1127 2404 1197 T
2403 1124 2491 1197 ri·

650 1225 1096 1326 ·angulorum
1138 1219 1803 1318 proportionalium,
1854 1220 2220 1319 aequalium
2239 1277 2262 1313 ‚
2309 1222 2493 1296 fimi-

682 1327 1032 1420 liumque3
1078 1317 1460 1393 sefflonem
1505 1319 1703 1393 lineae
1754 1318 1838 1392 in.
1876 1338 2025 1410 tot,
2076 1339 2248 1416 quot
2274 1376 2295 1410 ‚
2363 1344 2498 1393 vo-

686 1421 891 1499 lueris
906 1474 931 1508 ,
994 1434 1276 1514 partes3
1338 1415 1820 1493 inventionem
1866 1419 2092 1490 tertiae
2109 1472 2133 1507 ,
2183 1434 2437 1515 quartae
2467 1474 2489 1508 ‚

686 1544 774 1598 ac
826 1514 1077 1593 mediae
1098 1572 1101 1577 .
1123 1513 1660 1611 proportionalis
1692 1540 1715 1604 3
1761 1512 2066 1588 rationes
2113 1514 2496 1613 figurarum

566 1660 575 1675 ·
688 1615 1204 1713 reciprocarum
1252 1667 1273 1700 ,
1366 1608 1447 1684 ὅ(
1526 1612 2330 1710 parallelogrammorum
2407 1612 2497 1685 ad

690 1717 763 1794 fe
805 1707 1113 1788 invicem
1140 1764 1162 1798 ,
1230 1732 1365 1782 nec
1432 1731 1577 1782 non
1638 1709 2155 1807 polygonorum
2184 1764 2205 1798 ‚
2275 1711 2499 1807 paral-

690 1812 1305 1910 lelogrammorum
1379 1805 1876 1916 applicationes
1927 1807 2015 1880 ad
2063 1805 2297 1881 retias·
2330 1806 2500 1882 line-

693 1936 773 1987 as
801 1965 824 1999 ,
896 1929 1050 2004 quae
1113 1903 1226 1977 vel
1291 1902 1623 1976 deficrunt
1684 1903 2341 2002 parallelogrammis
2408 1904 2495 1979 fi-

695 2005 975 2083 milibus
1019 2058 1043 2092 ,
1129 2002 1243 2074 vel
1333 2000 1683 2075 excedunt
1735 2025 1754 2076 ε
1833 2024 2047 2097 porro
2148 2002 2504 2100 quomodo

691 2102 895 2182 recta
947 2098 1134 2175 linea
1202 2097 1573 2172 terminata
1619 2117 1936 2173 extrema
1984 2120 2068 2172 ac
2115 2099 2348 2173 media
2399 2124 2505 2173 ra-

703 2201 899 2278 tione
960 2197 1224 2273 secetur
1266 2220 1291 2285 3
1362 2196 1608 2269 ultimo
1673 2197 2163 2294 proportiones
2207 2196 2506 2271 circum·

708 2295 1159 2376 ferentiarum
1203 2351 1226 2385 ‚
1304 2294 1707 2393 angulorum
1762 2352 1785 2385 ,
1869 2317 1952 2368 ac
2027 2290 2368 2371 festorum
2431 2295 2509 2369 in

707 2394 1003 2472 circulis·
1029 2390 1391 2488 aequalibus
1448 2390 1748 2488 inquirit.
2355 2413 2359 2416 ’

728 2509 736 2522 ·
778 2494 1112 2593 ‘Septimus
1158 2486 1346 2579 liber,
1401 2514 1848 2562 numerorum
1893 2489 2157 2564 indimt
2198 2488 2511 2587 proprie-

715 2611 894 2670 tates
941 2643 966 2680 ‚
1036 2588 1109 2660 in
1168 2611 1257 2659 eo
1323 2585 1550 2682 agitur
1613 2586 1701 2661 de
1765 2583 2069 2663 humeris
2130 2587 2371 2685 primis
2436 2586 2517 2661 δι

717 2684 1118 2782 compositis
1162 2709 1185 2773 3
1265 2680 1345 2756 ἃ
1404 2707 1542 2781 quo
1604 2685 1810 2780 pacto
1873 2705 2324 2760 numerorum
2371 2707 2517 2757 non

712 2786 1102 2886 primorum
1163 2778 1473 2854 maxima
1530 2779 1918 2856 communis
1960 2781 2280 2858 mensura
2313 2782 2519 2856 *inve-

721 2883 956 2963 niturt,
1019 2879 1110 2954 de
1175 2899 1626 2952 numerorum
1683 2898 1882 2976 parte
1928 2935 1949 2969 ‚
2031 2878 2113 2956 δε
2155 2879 2520 2977 partibus3

723 2985 816 3058 de
879 2974 1183 3052 numeris
1241 2973 1730 3072 multiplicibus
1761 3033 1786 3068 ‚
1854 2976 1946 3051 de
1990 2976 2526 3076 proportionali-

723 3083 854 3158 bus
884 3133 908 3170 ,
983 3072 1062 3149 δε
1098 3095 1532 3173 quaecunque
1568 3073 1645 3147 in
1683 3073 1861 3149 libro
1912 3075 2153 3173 quinto
2169 3101 2180 3130 ·-
2205 3075 2294 3150 de
2498 3116 2527 3129 -

725 3172 1147 3256 nitudinibus
1208 3169 1600 3270 generatim
1641 3228 1666 3263 ‚
1750 3171 2001 3248 eadem
2081 3171 2236 3250 fere
2296 3099 2532 3250 &mage

729 3271 1033 3347 numeris
1081 3268 1547 3366 particulatim
1596 3268 1714 3344 hic
1762 3268 2347 3346 demonstrantur:

740 3421 753 3426 -
829 3368 1099 3439 Οὲἶανω
1146 3363 1298 3442 tiber
1314 3423 1337 3458 ‚
1378 3389 1710 3443 numeros
1760 3365 2088 3467 deinceps
2135 3366 2534 3467 proportio·

729 3468 919 3543 nales
949 3519 972 3554 ‚
1010 3484 1372 3539 ‘numeros
1430 3466 1673 3578 planos
1705 3521 1728 3557 ,
1792 3467 2158 3565 quadratos
2189 3522 2211 3556 ‚
2273 3466 2531 3556 cubos,

732 3563 814 3642 ἃ
876 3559 1127 3637 solidos
1152 3583 1219 3671 ‚3
1302 3557 1552 3638 ssmiles
1628 3563 1870 3660 planos
1902 3622 1927 3660 ,
2007 3585 2214 3663 atque
2245 3561 2544 3663 *smiles-

732 3659 987 3742 solidos.
1025 3657 1308 3736 indicat.

2318 3739 2545 3830 Nonus
