2782 4637
510 227 1000 301 ‘LJBER
1100 228 1881 315 QUINTU50·
1977 252 2099 322 179

274 363 410 444 A,
466 354 547 426 od
590 360 701 437 B,
750 378 871 448 quae
912 359 999 437 B,
1045 352 1252 437 ¹odC3
1305 359 1523 441 &Q
1576 354 1796 424 adl).-
1851 357 2088 445 (7*1),

271 459 348 528 od
405 459 515 524 E.-
568 457 872 551 proportio
941 451 1013 517 A
1049 502 1069 535 ,
1135 450 1571 546 magnitudinis
1606 457 1817 552 prima
1859 454 1942 522 od
1982 460 2086 540 C,

275 554 745 650 magnitudinem
785 551 1023 616 tertiam
1057 600 1075 630 ,
1149 548 1381 614 dicitur
1429 547 1734 648 duplicata
1782 556 1908 651 ejus
1934 572 2092 648 pro..

263 655 580 753 portionis,
631 672 811 741 quam
853 642 1019 712 habet
1066 648 1143 711 A
1176 697 1194 727 ,
1264 645 1613 742 magnitudo
1647 653 1855 745 prima
1881 650 1963 718 ad
1989 654 2049 717 B
2062 701 2086 738 ,

273 750 743 843 magnitudinem
761 740 1131 832 fecundam:
1186 751 1468 834 quoniam
1506 749 1663 813 inter
1689 748 1807 829 A,
1867 759 1961 817 (9⁸
1993 751 2089 835 C,

271 846 391 913 duae
439 846 841 940 proportiones
881 860 1238 934 reponuntur
1273 891 1292 923 ,
1340 866 1463 933 quae
1510 844 1754 935 aequales
1768 845 1916 937 fiant
1981 867 2092 932 ro-

262 945 524 1042 porttoni
569 941 644 1005 A
681 992 697 1018 ,
763 937 845 1003 ad
897 943 947 1001 B
984 961 1005 1022 3
1054 942 1344 1005 nimirum
1363 944 1667 1037 proportio
1702 946 1816 1026 A,
1990 946 2086 1028 B,

283 1054 371 1109 (¹5⁸
404 1042 494 1123 B,
545 1035 627 1103 ad
655 1040 738 1113 C,
792 1053 854 1103 ut
886 1054 1191 1134 propterea
1229 1042 1530 1133 proportio
1565 1039 1646 1103 A
1667 1089 1689 1122 ,
1738 1036 1820 1106 ad
1848 1046 1933 1124 C,
1982 1041 2089 1105 in-

275 1139 538 1234 tercipiat
578 1130 1011 1226 quodammodo
1041 1153 1153 1229 pro
1196 1137 1481 1201 ortionem
1527 1136 1646 1220 A,
1697 1134 1781 1203 ad
1824 1141 1877 1203 B
1894 1188 1916 1221 ,
1966 1134 2088 1202 da-

266 1235 554 1332 plicatam
583 1282 603 1315 ,
673 1229 742 1295 id
768 1226 883 1316 est,
933 1227 1018 1296 his
1050 1151 1257 1297 ordine
1274 1229 1546 1327 positam.
1657 1236 1764 1301 At
1780 1236 2086 1332 proportio

279 1335 387 1413 A,
445 1326 874 1423 magnitudinis
891 1332 1099 1424 primae
1128 1325 1209 1396 ad
1238 1329 1309 1394 D
1329 1378 1350 1411 ,
1404 1328 1881 1423 magnitudinem
1898 1347 2093 1424 quar-'

276 1447 400 1496 tom
417 1478 435 1509 ,
487 1425 712 1492 dicitur
752 1427 1052 1516 tripltcata
1073 1429 1209 1520 ¹ojus
1223 1429 1650 1521 proportionis,
1705 1449 1887 1518 quam
1913 1422 2085 1497 habet

275 1535 355 1595 A
371 1576 392 1608 ,
444 1518 787 1616 magnitudo
826 1525 1028 1617 prima
1071 1521 1152 1589 ad
1207 1527 1261 1587 B
1280 1572 1299 1602 ,
1352 1518 1828 1617 magnitudinem
1862 1522 2087 1614 secun-
2134 1603 2144 1610 ο

276 1620 422 1689 dom
440 1642 463 1686 .·
513 1621 651 1712 quio
678 1623 833 1684 inter
859 1620 931 1683 A
946 1671 965 1701 ,
1026 1635 1121 1687 θ’
1146 1620 1213 1686 D
1230 1668 1251 1699 ,
1302 1623 1672 1715 reperiuntur
1703 1638 1822 1685 tres
1832 1638 2090 1717 propor-

275 1723 490 1797 tiones,
543 1739 667 1809 quae
712 1717 950 1807 aquales
968 1715 1108 1804 sunt
1145 1719 1512 1811 proportioni
1546 1718 1668 1801 A,
1701 1714 1803 1784 -ad
1836 1722 1892 1784 B
1912 1740 1934 1803 3
1981 1718 2087 1782 ni·-
2144 1749 2148 1753 ·

276 1820 501 1883 mirum
528 1817 827 1909 proportio
883 1817 996 1896 A,
1046 1810 1129 1878 ad
1178 1816 1269 1897 33
1321 1817 1414 1897 B,
1466 1811 1548 1879 ad
1592 1819 1688 1900 C;
1741 1821 1958 1891 (PC,
2005 1810 2090 1882 ad

282 1914 350 1980 D
390 1964 412 1997 ,
481 1930 654 2003 atque
698 1908 922 1975 idcirco
963 1911 1259 2006 proportio
1309 1911 1388 1978 A
1420 1961 1442 1994 ,
1504 1908 1593 1978 ad
1637 1913 1710 1980 D
1738 1962 1760 1995 ,
1826 1907 2089 1982 includit

277 2004 709 2103 quodammodo
744 2009 1180 2101 proportionem
1236 2011 1315 2073 A
1353 2045 1388 2088 ‚-
1421 2004 1504 2073 od
1530 2011 1591 2075 B
1609 2059 1631 2092 ,
1679 2008 2048 2104 triplicatam
2066 2056 2092 2092 ,
2176 2059 2187 2094 ζ

276 2104 348 2173 id
375 2104 489 2198 ost,
537 2125 627 2171 ter
658 2101 863 2172 ordine
877 2103 1164 2198 positam:
1219 2108 1323 2171 Sic
1366 2128 1596 2197 quoque
1629 2107 1933 2201 proportio
1964 2106 2086 2190 A,

277 2198 360 2269 od
391 2205 491 2286 E,
526 2200 755 2286 *dicitur
795 2200 1243 2297 quadruplicata
1279 2204 1677 2296 proportionis
1719 2202 1836 2284 A,
1888 2198 1971 2266 ad
1990 2205 2042 2272 B
2056 2222 2105 2275 .·,.
2232 2239 2241 2252 ·

264 2317 572 2398 propterea
597 2297 753 2391 quod
785 2317 1032 2389 quatuor
1050 2301 1448 2394 proportiones
1472 2298 1922 2392 interjiciuntur
1932 2300 2090 2364 inter

284 2399 365 2466 ,Α
405 2447 426 2480 ,
491 2409 586 2466 <9⁸
635 2400 692 2462 E
726 2404 776 2473 ,⁸
812 2418 932 2488 qux
974 2398 1213 2488 aquales
1242 2393 1390 2485 sunt
1428 2396 1803 2490 proportioni
1845 2395 1961 2480 A,
2012 2388 2097 2463 ad

129 2592 144 2607 .
279 2497 377 2576 B,
428 2507 576 2562 (Tc.
1143 2534 1148 2537 -

381 2587 570 2683 Qod
623 2590 683 2682 fi
752 2585 781 2655 ἑ
858 2595 1152 2658 contrario
1216 2614 1285 2656 ea
1334 2588 1420 2681 sit
1463 2570 1764 2687 proportio
1816 2592 1874 2657 E
1926 2641 1948 2674 ,
2013 2587 2098 2658 ad

286 2688 400 2769 D,
450 2677 570 2779 qusex
629 2690 748 2771 D,
810 2688 891 2759 ad
940 2694 1048 2773 C3
1115 2703 1209 2756 (γ’
1283 2692 1375 2770 C,
1427 2686 1651 2768 odB3
1701 2698 1796 2754 Θ·
1854 2692 1946 2771 Β,
2011 2685 2101 2755 ad

284 2785 412 2870 A;
467 2781 699 2852 dicetur
732 2789 1035 2880 proportio
1089 2790 1141 2852 E
1177 2782 1323 2866 ,md
1368 2791 1458 2866 C,
1507 2782 1817 2881 duplicata
1842 2803 2098 2883 propor-

279 2884 465 2947 tionis
496 2885 585 2964 E,
634 2879 716 2947 ad
761 2885 866 2966 D3
920 2883 1024 2949 At
1067 2907 1210 2951 vero
1228 2885 1528 2980 proportio
1592 2883 1682 2966 E,
1733 2879 1816 2947 ad
1847 2888 1937 2965 B,
1987 2881 2094 2948 di-

279 2999 449 3043 cetur
490 2980 788 3074 triplicata
820 2982 1216 3074 proportionis
1268 2985 1325 3046 E
1354 3029 1375 3063 ,
1438 2976 1520 3067 ad
1569 2979 1686 3060 D3
1748 2976 1828 3061 fic
1870 3000 2094 3069 quoque

261 3077 571 3171 proportio
606 3077 660 3140 E
674 3126 694 3155 ,
743 3072 822 3141 ad
867 3080 944 3142 A
961 3128 982 3161 ,
1017 3064 1258 3146 'dicetur
1288 3074 1740 3172 quadruplicata
1753 3074 2094 3170 proportiog
2169 3132 2173 3139 .

275 3172 378 3237 nis
404 3172 496 3252 E,
549 3168 630 3234 ad
657 3175 760 3255 D,
815 3191 968 3269 (fc,
1485 3203 1499 3211 ’

1003 3744 1227 3886 ‘Mo
1319 3857 1326 3861 -
1474 3738 1479 3743 ι
1853 3798 2102 3878 DEFI-
