2782 4637
666 290 771 363 gn
800 358 829 365 ,Α
884 272 1237 371 ΒΚΕἿΙΒ,
1263 274 1762 348 NARRATIO
1814 277 2317 351 HISTORICA

690 456 1070 536 CLIDEM
1128 477 1364 535 tamen
1428 458 1645 534 solum
1715 461 2050 558 elegimus
2100 520 2121 554 ,
2205 465 2294 540 de
2354 485 2495 562 quo

746 580 916 635 ruca
996 554 1181 631 hisce
1261 557 1530 655 paginis
1594 556 2029 632 referremus.
2131 565 2210 635 In
2277 562 2496 636 vitam

746 657 892 752 ujus
953 653 1352 730 Geometrae
1407 654 1639 752 itaque
1695 655 2116 752 inquirentes
2157 715 2177 749 ,
2255 660 2495 732 Solum

689 754 838 851 ejus
888 747 1117 827 natale
1149 807 1172 842 ‚
1239 750 1425 850 quod
1473 751 1627 824 tulit
1669 752 1853 826 hunc
1904 754 2258 829 Atlantem
2307 757 2494 829 Geo-

686 847 1061 924 metricum
1098 906 1119 937 ,
1189 848 1326 926 sese
1382 848 1936 947 investigandum
1992 852 2234 948 sponte
2290 854 2490 928 nobis

686 945 878 1029 fistit.
977 948 1129 1041 Sed¹
1159 945 1358 1042 super
1402 946 1542 1021 hoc
1589 948 1934 1021 Autorum
1981 950 2347 1025 sententias
2379 974 2490 1023 ro-

689 1064 934 1149 gantes
977 1102 999 1135 ,
1067 1045 1254 1144 quod
1300 1042 1531 1142 capita
1561 1101 1583 1134 ‚
1650 1064 1757 1118 tot
1800 1046 1949 1119 fere
1994 1048 2344 1121 sententiae
2388 1072 2494 1121 re-

688 1143 997 1244 perimus
1050 1167 1072 1231 3
1137 1142 1317 1216 adeo
1380 1141 1775 1217 dissentiunt
1817 1143 1994 1217 inter
2052 1145 2120 1217 se
2185 1149 2489 1219 Antores

691 1243 785 1333 de
829 1238 1196 1315 statuenda
1237 1239 1465 1315 Patria
1521 1239 1799 1311 Euclidis
1842 1241 2078 1313 nostri.
2188 1243 2490 1341 Quidam

690 1341 840 1437 ejus
886 1337 1185 1413 Patriam
1220 1394 1244 1430 ‚
1322 1339 1677 1412 GELAM
1704 1393 1727 1427 ,
1808 1339 2163 1412 civitatem
2215 1345 2444 1435 Sicilia?
2465 1395 2490 1429 ,

688 1434 889 1512 fuisse
933 1454 1180 1532 putant
1212 1460 1237 1524 ;
1284 1459 1369 1511 ac
1409 1460 1499 1510 ea
1544 1435 1633 1509 de
1682 1458 1759 1509 re
1805 1436 2090 1506 Euclides
2140 1444 2489 1524 Geometrek,

688 1537 912 1606 Gelous
951 1532 1138 1643 apud
1182 1533 1333 1606 illos
1377 1532 1617 1606 audit:
1668 1531 1847 1607 inter
1892 1559 2062 1630 quos
2109 1534 2213 1608 est
2265 1535 2488 1630 Scrip-

693 1651 809 1705 tor
853 1628 1297 1705 Bibliothecae
1340 1629 1622 1704 Veteris
1684 1631 1926 1705 Siculae
1955 1688 1976 1721 ‚
2038 1642 2221 1706 anno
2276 1654 2484 1726 1700.

692 1730 739 1804 ὲ
786 1727 1202 1805 Mess'anenfi
1254 1727 1553 1825 quodam
1596 1726 1801 1800 editae
1833 1784 1855 1817 ‚
1924 1729 2273 1804 referente
2336 1733 2391 1803 F
2393 1732 2490 1803 A·
2586 1791 2596 1801 .

688 1827 1019 1903 BRICIO
1084 1824 1368 1898 Biblioth.
1434 1831 1622 1897 Grac.
1692 1824 1828 1899 Lib.
1885 1849 1987 1898 111.
2041 1836 2185 1926 Cap.
2246 1849 2384 1899 ΧΠ.
2428 1825 2488 1924 §.

695 1949 763 2002 1.
860 1925 1035 1998 Eam
1098 1923 1503 2019 opinionem
1551 1977 1571 2011 ‚
1668 1948 1802 2019 qua
1863 1926 2179 2019 Euclidem
2238 1925 2278 1997 e
2337 1929 2494 1994 Gela

687 2021 1060 2097 oriundum
1108 2021 1386 2094 censent
1423 2076 1443 2110 ,
1544 2017 1729 2092 forte
1776 2020 1815 2091 e
1883 2025 2126 2092 Lab‘rtio
2192 2023 2490 2118 college-

688 2143 822 2206 re3
936 2118 1047 2191 uia
1091 2118 1597 2191 LAERTIUS.
1653 2116 1789 2188 Lib.
1834 2139 1912 2189 11.
1927 2122 2121 2215 segm.
2174 2132 2334 2194 106.
2400 2118 2491 2194 de

678 2145 977 2298 ,Euclige
1036 2216 1435 2313 Megarensi
1500 2213 1726 2288 scribit
1770 2271 1793 2303 ,
1871 2216 2057 2310 quod
2116 2216 2489 2291 secundum
2615 2290 2620 2297 ,

691 2315 1031 2417 quosdam
1083 2316 1299 2385 Gelous
1328 2312 1410 2389 fit
1449 2309 1740 2388 habitus.
1840 2313 2110 2387 Verum
2154 2313 2306 2387 haec
2347 2314 2492 2388 sen·

549 2447 555 2458 ·
689 2414 912 2489 tentia
958 2412 1077 2484 suo
1124 2412 1396 2485 videtur
1444 2409 1702 2508 privari
1749 2408 2200 2485 fundamento
2237 2465 2258 2499 ,
2325 2411 2371 2508 ἢ
2416 2412 2489 2486 in

688 2507 1122 2610 sequentibus
1195 2507 1257 2616 ᾗ.
1324 2533 1391 2597 9.
1471 2509 1698 2605 palam
1764 2508 2144 2582 constiterit
2183 2566 2203 2597 ,
2272 2534 2434 2583 eum
2466 2569 2488 2601 ‚

691 2608 783 2683 de
825 2631 965 2709 quo
1017 2605 1246 2680 scribit
1291 2608 1569 2677 Laertius
1598 2658 1620 2691 ,
1700 2608 2020 2676 Euclidem
2045 2660 2068 2694 ,
2144 2606 2492 2682 diversum

689 2703 828 2780 effe
877 2705 920 2776 'a
960 2702 1199 2775 nostro
1247 2709 1611 2787 Geometra;
1673 2727 1881 2799 quare
1930 2728 2019 2777 ex
2079 2728 2169 2778 eo
2238 2704 2487 2801 princi-

688 2801 813 2899 pio
866 2806 1187 2871 Geometrae
1234 2801 1509 2870 Euchdis
1557 2803 1851 2873 Terram
1903 2822 2313 2895 parentem4
2366 2809 2496 2872 Ge-

687 2906 819 2973 lam
875 2895 1072 2971 fuisse
1122 2953 1143 2989 ,
1227 2895 1513 2971 ass'erere
1589 2921 1731 2970 non
1811 2899 2157 2974 auderem.
2236 2901 2486 2982 HAR-
2590 2897 2598 2911 ’

687 2994 1074 3074 DUINUS
1128 2995 1211 3065 ad
1260 2998 1542 3068 Plinium·
1564 2999 1902 3076 Autorem
1932 2996 2252 3088 nostrum
2276 2998 2488 3070 PER-

690 3097 831 3173 GA
891 3151 915 3186 ‚
1014 3092 1296 3169 civitate
1364 3095 1518 3163 Pam
1556 3090 1709 3164 hilis
1767 3092 2132 3168 oriundum
2194 3095 2486 3188 ,censet-3

688 3216 763 3269 at
808 3211 1054 3266 monet
1118 3187 1530 3265 FABRle
1576 3188 1623 3260 S
1674 3181 1803 3260 Ioco
1846 3212 2025 3262 σηοω
2055 3247 2079 3281 ,
2145 3196 2491 3293 Apolloni·

687 3316 793 3359 um
839 3289 1264 3363 Conicorum
1322 3288 1749 3385 Scriptorem
1779 3344 1800 3378 ‚
1878 3288 1954 3361 in
2033 3289 2268 3364 animo
2301 3310 2489 3368 ,tum

683 3383 987 3460 habuiffe
1041 3386 1440 3458 Harduinum
1469 3409 1704 3472 ,cum
1757 3386 1830 3462 id
1876 3385 1966 3462 de
2014 3388 2289 3460 Euclida}
2329 3394 2489 3461 Geo-

682 3505 881 3582 metra
951 3482 1188 3576 patriis
1283 3482 1543 3582 scripsit
1624 3481 1911 3569 sedibus,
1983 3571 1986 3576 ⁵
2025 3485 2220 3560 Nam
2301 3486 2489 3564 inter

684 3579 1069 3677 Scriptores
1125 3600 1269 3655 tam
1313 3580 1613 3656 Veteres
1661 3606 1864 3679 quam
1901 3583 2358 3668 Recentiores
2411 3584 2491 3660 id

681 3676 838 3755 fitis
887 3676 1258 3756 manifesto
1303 3677 1636 3770 constat3
1693 3683 2103 3782 Apollonium
2132 3736 2157 3773 ,
2227 3690 2488 3781 Pergam

1683 3823 1690 3838 ·
1864 3784 1887 3807 ⁹
2251 3784 2493 3855 sedem
