2782 4637
223 233 233 237 ’
301 254 1169 343 natuaimsvlra,
1194 271 1292 324 ae
1321 197 1875 330 nummis.
1913 273 2105 335 xum·

402 448 492 518 In
526 444 778 536 secundo
824 442 984 514 libro
1006 500 1026 532 ‚
1070 442 1699 540 parallelogrammi
1745 445 2111 544 resianguf-

280 544 338 616 li
380 600 404 632 ,
486 542 988 640 gnomonisque
1038 538 1525 616 definitionem
1577 542 1827 630 tradit3
1879 544 2113 618 lineae·

284 667 440 738 que
500 640 730 713 divisae
758 698 776 728 ,
844 662 1104 738 quanta
1164 638 1291 712 sint
1353 638 1683 736 quadrata
1745 640 2053 716 ostendit
2079 666 2115 732 ς

294 742 560 834 illaque
646 762 792 810 curn
856 736 1519 834 parallelogrammis
1587 738 2111 836 segmentorum

302 836 634 924 confert;
690 836 853 910 dein
932 832 1423 934 quadratorum
1467 890 1489 924 ‚
1561 860 1713 932 quae
1779 838 1821 910 a
1872 838 2109 912 lateri-

304 938 430 1006 bus
492 934 982 1032 triangulorum
1058 932 1667 1030 obtusangulorum
1711 992 1731 1024 ‚
1815 934 1895 1008 ἃ
1941 962 2105 1012 acu-

302 1036 732 1130 tangulorum
804 1030 1283 1106 describuntur
1311 1086 1331 1118 ,
1395 1032 1887 1126 proportiones
1939 1058 2107 1112 cum

300 1132 630 1224 quadratis
668 1188 688 1220 ,
760 1154 916 1226 quae
966 1128 1144 1202 fiunt
1190 1128 1235 1202 ὁ,
1279 1128 1839 1202 subtendentibus
1889 1154 2113 1230 angu-

296 1230 430 1300 lum
490 1228 820 1300 obtusum
880 1224 960 1302 δε
1026 1246 1303 1300 acutum
1345 1280 1367 1312 ‚
1429 1228 1783 1324 expendit.
1885 1230 2113 1306 Deni-

294 1352 418 1422 que
500 1324 816 1398 ostendit
884 1348 1018 1422 qua
1084 1324 1352 1396 ratione
1443 1324 1875 1398 construatur
1937 1352 2107 1438 qua-

288 1426 570 1510 dratum
644 1422 1000 1498 reffilineo
1070 1422 1233 1496 dato
1283 1422 1563 1518 aequale.
1663 1422 1893 1519 Hujus
1943 1426 2099 1501 hbri

286 1518 810 1617 propositiones
858 1576 880 1608 ‚
948 1542 1203 1614 praeter
1249 1520 1581 1594 linearem
1613 1574 1635 1608 ‚
1699 1522 1971 1616 qualern
2021 1524 2101 1598 in

284 1618 650 1714 plerisque
730 1618 1080 1692 codicibus
1154 1618 1411 1692 habent
1463 1674 1485 1707 ‚
1571 1616 2107 1693 demonstratio-

286 1740 462 1789 nem
498 1772 518 1802 ,
578 1714 790 1788 etiam
849 1716 1098 1790 decem
1158 1714 1421 1810 priores
1485 1714 1557 1788 in
1627 1714 1929 1813 numeris
1983 1715 2111 1789 de-

290 1810 664 1886 monstrari
730 1812 1058 1906 poss'unt3
1122 1814 1307 1910 quod
1361 1814 1509 1910 jam
1565 1812 1733 1886 olim
1783 1810 2109 1910 praestitit

292 1914 648 1982 Bar-lemnus
714 1910 1066 1982 Monachus
1104 1964 1124 1996 ,
1211 1934 1295 1982 ac
1361 1910 1521 2006 post
1581 1912 1915 1986 linearum
1985 1910 2115 1986 de-

235 2004 247 2012 ’
288 2008 874 2082 monstrationem
934 2010 1008 2080 in
1058 2008 1561 2082 commentario
1609 2008 1731 2082 suo
1781 2032 2107 2086 numera·-

284 2107 432 2183 lem
492 2107 838 2205 subjungit
914 2111 1184 2181 Cluvius.
1287 2107 1631 2181 Nonnulli
1693 2133 1823 2205 per
1887 2111 2119 2207 Algeu.

286 2205 488 2277 bram
534 2205 914 2301 speciosam
978 2205 1261 2279 easdem
1309 2205 1657 2279 resolvunt
1689 2261 1711 2295 ,
1771 2205 1873 2277 uti
1921 2213 2103 2275 5ης·-
2223 2216 2235 2221 ’

282 2307 444 2373 mim
492 2303 566 2377 in
616 2301 1006 2375 Archimede
1064 2307 1421 2374 Germanico
1443 2359 1465 2393 ‚
1521 2301 1793 2399 aliique.
1891 2361 1903 2373 .
1975 2335 1989 2347 ·

400 2403 640 2471 Tertius
686 2399 880 2489 liber,
934 2399 1078 2497 agit
1126 2401 1229 2491 dea
1263 2401 1343 2473 iis
1375 2457 1397 2489 ,
1465 2425 1617 2499 quae
1665 2399 1933 2475 circulis
1985 2423 2103 2477 ac·-

294 2495 536 2570 cidunt
580 2553 602 2587 ‚
680 2519 768 2571 ac
832 2497 922 2573 de
986 2497 1188 2571 reffis
1265 2497 1461 2571 lineis
1523 2499 1633 2575 int
1661 2499 1921 2573 circulo
1981 2499 2101 2573 vel

290 2593 388 2667 ad
448 2593 778 2671 circulum
840 2591 1060 2669 dutus
1110 2619 1132 2683 ;
1215 2595 1519 2693 itemque
1599 2597 1885 2693 angulos
1949 2617 2099 2669 tam

286 2691 382 2765 ad
430 2693 868 2769 circulorum·
896 2711 1138 2769 centra
1170 2749 1190 2783 ,
1259 2717 1463 2791 quam
1521 2695 1609 2767 ad
1649 2693 2101 2803 -peripherias

288 2789 710 2865 constit-utos
760 2791 1098 2878 rimatur3
1164 2791 1409 2863 ultimo
1455 2791 1911 2889 aequahtatem
1977 2815 2103 2867 an·-

278 2889 608 2985 gulorum
686 2887 1054 2987 aequalibus
1154 2889 1441 2965 arcubus
1517 2889 1929 2989 chordisque
1994 2889 2103 2963 in·-

278 2985 678 3061 fistentium·
720 2984 1170 3061 demonstrat.

390 3085 660 3177 Qmus
732 3083 850 3183 qui
920 3083 1345 3183 subjungitur
1419 3081 1573 3153 liber
1645 3081 1829 3181 quasi
1909 3081 2103 3155 tertii

280 3181 534 3277 praxis
586 3181 684 3255 est
714 3237 734 3269 ,
796 3183 1176 3281 figurarum
1223 3181 1583 3279 planarum
1613 3237 1637 3271 ‚
1687 3177 2095 3275 Trianguli,

282 3279 636 3385 Quadrati
664 3335 686 3369 ‚
766 3281 1154 3379 Pentagoni
1184 3337 1209 3371 ‚
1278 3275 1665 3375 Hexagoni
1693 3333 1715 3367 ‚
1783 3275 2095 3391 Quinde-¹

280 3377 534 3477 cagoni
598 3377 1080 3475 inscriptiones
1160 3379 1233 3453 in
1295 3377 1601 3467 circum,
1667 3373 1747 3453 ὅτ.
1801 3399 2094 3453 clrcum·

280 3475 678 3573 scriptiones
730 3477 1016 3555 docens.
1861 3531 1867 3537 „

362 3581 642 3679 Q‘ntus
712 3575 844 3673 qui
928 3575 1225 3671 sequitur
1309 3575 1463 3647 liber
1519 3573 2097 3675 Magnitudinum

280 3671 782 3781 Proportiones
894 3675 1247 3769 generales
1325 3673 1535 3749 tradit
1585 3701 1613 3765 ς
1688 3673 2097 3765 modosque.

1790 3793 1800 3804 .
1893 3789 2118 3864 aga..
