2782 4637
267 256 374 306 ma
386 229 820 305 Eucmms
849 231 1114 319 VITA,
1139 245 1234 298 Ac
1248 221 1800 302 ELEMENTIS.
1839 247 2041 299 um

216 418 567 529 Belgicam
658 416 1015 514 Linguam
1100 414 1461 490 transtulit.
1566 422 1777 490 1606.
1879 440 2030 514 quae

215 521 447 592 verno
488 514 736 588 iterum
784 517 861 585 in
914 514 1403 586 Germanicam
1440 512 1781 612 Linguam
1813 532 2029 587 trans·

216 617 364 690 lata
400 611 499 686 est
544 613 589 685 a
638 611 1248 688 SEBASTIANO
1299 613 1698 685 CURTIO.

319 710 503 783 Libri
568 712 763 781 XIII.
837 708 1085 789 Graeee
1136 707 1214 781 &
1271 710 1520 782 Latine
1570 732 1660 783 ex
1708 707 2033 784 Editione

225 807 677 883 CONRADI
745 807 1277 879 DASYPODII
1336 809 1627 904 Argent.
1698 815 1906 897 1564.
1964 815 2031 887 8.

217 905 512 995 additis,
563 904 656 976 ad
698 903 948 974 librum
993 904 1289 997 primum
1339 901 1415 977 δι
1461 904 1830 976 secundum
1880 924 2037 979 tan·

217 1028 363 1077 tum
411 1059 434 1092 ,
519 1002 781 1070 Theonis
837 1001 1351 1074 commentariis
1398 1057 1419 1089 ,
1501 997 1580 1073 &
1645 1002 1731 1074 ad
1798 1000 2028 1074 secun-

225 1102 400 1174 dum‘
456 1101 778 1170 Barlaami
845 1098 1184 1170 Monachi
1249 1097 1971 1173 Demonstrationibus
2003 1153 2026 1189 ‚

226 1200 464 1294 quibus
515 1195 642 1275 adr
658 1217 983 1269 numeros
1034 1196 1335 1291 applicat
1367 1251 1388 1285 ‚
1455 1218 1607 1292 quae
1655 1197 1743 1271 de
1791 1194 2030 1271 Lineis

228 1319 305 1368 ac
345 1293 594 1392 figuris
642 1292 860 1386 planis
915 1298 1192 1362 Euclides
1234 1293 1586 1366 docuerat.
1856 1346 1860 1351 -

313 1389 540 1466 Libri.
615 1391 775 1461 XV.
856 1388 1092 1463 Italice
1167 1389 1343 1464 verfi
1417 1388 1493 1462 &
1570 1391 1911 1487 Explicati
1960 1393 2014 1469 ἑ

224 1487 683 1563 N1COLAO
726 1486 1329 1560 TARTAGLIA.
1375 1488 1633 1560 Venet.
1689 1496 1896 1579 1565.
1943 1512 2020 1580 4.

227 1585 303 1659 &
357 1607 529 1656 cum
581 1583 1091 1657 Commentario
1155 1588 1448 1685 Campani
1488 1584 1729 1657 itidem
1780 1585 1852 1657 in
1903 1585 2029 1658 lin·

225 1708 369 1782 gua
436 1680 671 1753 Italica
739 1684 997 1754 Venet.
1055 1690 1262 1772 1569.
1312 1681 1431 1755 fol.
1530 1684 1708 1753 Cum
1758 1681 2030 1753 scholiis

229 1778 843 1950 inffibinfffii
890 1776 1672 1951 ggffiffiffifioa
1722 1776 2039 1951 ³¹¹¹¹sti²¹1³

228 1903 271 1950 a
1021 1919 1050 1949 ι
1109 1927 1139 1949 a
1650 1899 1736 1966 IS
1791 1898 1858 1967 5.
1937 1901 1984 1950 Ο
2012 1931 2031 1948 0

232 1972 305 2048 δε
372 1973 651 2047 Pisauri.
743 1981 951 2062 1619.
1034 1975 1277 2048 itidem
1337 1975 1576 2048 Italice
1639 1898 1846 2072 priini
1915 1974 2037 2050 sex

151 2132 162 2143 .
232 2072 377 2148 libri
423 2071 843 2144 Mediolani.
896 2079 959 2148 8.
2089 2131 2097 2141 .

321 2169 541 2245 ARN
546 2168 877 2241 OLDUS
969 2169 1424 2242 LENSAEUS
1534 2169 1867 2268 Isagogen
1942 2168 2024 2251 in

231 2269 594 2342 Elementa
647 2265 921 2336 Euclida
967 2267 1366 2362 composuit.
1420 2267 1652 2341 Antw.
1711 2272 1920 2357 1565.
1957 2273 2024 2345 8.

327 2365 998 2438 CHRISTIANUS
1047 2365 1594 2456 HERLINUS,
1664 2362 1740 2438 δι
1789 2363 2028 2438 CON-

240 2463 571 2535 RADUS
635 2462 1254 2548 DASYPODIUS
1301 2518 1322 2552 ‚
1405 2463 1832 2557 publicarunt
1897 2463 2032 2551 Arg·

242 2558 544 2655 gentinae
627 2566 838 2649 1566.
936 2557 1056 2631 fol.
1141 2559 1469 2654 Analyses
1549 2558 2029 2633 Geometricas

244 2658 377 2731 VI.
443 2657 775 2740 librorum
857 2653 1131 2726 Euclides
1178 2680 1200 2744 ;
1269 2657 1387 2730 ubi
1453 2656 1956 2753 propositiones
2006 2710 2034 2749 ,

244 2756 491 2829 Graece
523 2812 547 2846 ,
611 2752 1258 2827 Demonstrationes
1287 2810 1309 2843 ‚
1374 2777 1567 2827 mere
1617 2755 1842 2829 latine.

337 2853 532 2925 Libri
605 2853 769 2925 XV.¹
856 2850 1065 2924 latine
1122 2850 1571 2925 demonstrati
1628 2853 1670 2925 ἐι
1699 2913 1702 2918 .
1733 2857 1785 2925 F
1787 2852 2038 2926 RAN·

246 2949 523 3023 CISCO
587 2953 640 3022 F
644 2949 1080 3023 LUSSATE
1134 2951 1671 3024 CANDALLA
1715 3005 1738 3041 ‚
1822 2947 1900 3021 ἃ
1963 2947 2042 3018 Ιί-

247 3050 385 3120 bro
446 3047 643 3119 XVI.
708 3070 834 3142 per
895 3044 1116 3141 ipsum
1163 3045 1400 3119 addito
1456 3046 1697 3135 au&i;
1761 3046 1851 3115 de
1894 3041 2047 3116 soli·

252 3145 529 3217 dorum.
572 3142 979 3239 regularium
1044 3143 1223 3216 inter
1274 3144 1341 3220 se
1387 3142 1689 3214 invicem
1740 3136 2052 3211 collatio«⁴
2120 3183 2127 3189 -

254 3268 352 3318 ne
382 3294 406 3329 ‚
468 3236 769 3335 'itemque
829 3241 1062 3315 XVII.
1122 3239 1211 3312 de
1278 3237 1673 3333 compofitis
1723 3232 2057 3335 regulari·

260 3345 408 3418 bus.
511 3335 771 3411 Parifiis
825 3345 1034 3429 1566.
1087 3335 1212 3409 fol.
1263 3334 1341 3407 ἃ
1393 3342 1601 3428 1578.
1653 3334 1774 3410 fol.

357 3436 641 3509 Eucladis
727 3437 1091 3517 Elementa
1187 3455 1347 3505 cum
1425 3432 1620 3508 notis
1702 3434 1803 3508 H.
1886 3431 2064 3505 BIL·
2163 3387 2168 3392 ἱ
2267 3391 2274 3398 .

266 3535 752 3611 LINGSLEY
814 3531 894 3606 δε
953 3531 1219 3629 praefat.
1283 3530 1448 3625 Joh..
1492 3536 1621 3604 Dee
1667 3528 2068 3606 Londinenr

264 3634 338 3710 fis
395 3657 639 3729 157οε
668 3632 930 3712 Lond.
971 3629 1101 3708 fol.
1150 3629 1485 3708 idiomate
1523 3630 1898 3729 ,anglicano
1953 3648 2071 3715 ap-

273 3756 595 3832 paruere.
1063 3728 1403 3821 ff'***{
1841 3716 2080 3798 CON-
