2782 4637
402 163 511 286 132
536 212 968 287 mcums
998 216 1261 299 vin,
1295 232 1387 281 Ac
1429 203 1983 284 ELEMEan.
2027 231 2185 286 :m

368 400 620 496 primos
700 374 857 469 sucis
941 415 1243 471 conatus
1319 395 1391 468 in
1453 395 1880 471 Geometriae
1947 395 2177 472 studio

366 494 756 571 'exercendo
818 492 1205 569 instituerit
1255 519 1276 583 3
1353 516 1435 565 ac
1503 518 1638 567 una
1703 518 1865 569 cum
1927 493 2168 594 primis

381 593 777 693 cognitionis
845 591 1210 689 principiis
1284 589 1464 664 hanc
1529 589 1938 668 Dochinam
2005 616 2170 670 con·

372 692 712 789 junxerit3
794 690 1071 764 nemini
1140 691 1501 763 Elementa
1563 690 1861 789 Legenti
1932 691 2174 793 incog-

373 788 569 862 nitum
598 785 778 864 ‘effe
827 790 1060 885 potuit
1110 810 1137 875 ς
1201 807 1358 858 cum
1429 785 1748 884 frequens
1797 785 1877 863 ὅ(
1930 813 2168 886 perce-

350 888 536 960 lebre
578 906 777 957 tunc
837 885 1174 982 temporis
1222 904 1368 957 erat
1417 886 1848 960 Geometriae
1895 888 2161 965 exerci-

366 984 580 1071 tium3
648 1004 965 1080 quonam
1039 982 1128 1055 de
1196 980 1497 1080 subjecto
1543 981 1615 1055 in
1663 982 1792 1057 suis
1846 986 2165 1063 Elemen-

356 1082 429 1157 tis
486 1099 745 1178 ageret
817 1080 1140 1164 Euclides3
1211 1102 1291 1154 ac
1352 1078 1701 1177 quodnam
1770 1081 2048 1155 Thema
2092 1082 2169 1159 in

348 1179 421 1254 iis
483 1199 953 1277 proponeret.
1053 1178 1127 1249 Si
1193 1199 1335 1250 non
1398 1178 1550 1250 aliae
1607 1177 2005 1269 accesserint
2053 1204 2163 1255 ra-

342 1278 573 1353 tiones
606 1331 630 1365 ,
691 1297 844 1373 quae
894 1275 1212 1345 Euclidem
1262 1275 1516 1348 Virum
1563 1274 1918 1350 acutissimi
1966 1277 2036 1351 in
2086 1290 2162 1354 e-

336 1375 439 1447 nii
505 1374 994 1468 permoverint
1044 1429 1065 1462 ,
1182 1372 1370 1447 suum
1440 1396 1612 1467 opus
1674 1392 1941 1447 tantum
2085 1402 2160 1450 e·
2251 1392 2262 1407 ²

332 1493 682 1544 mentum
738 1491 1155 1563 nuncupare.
1264 1472 1337 1544 si
1400 1489 1561 1542 ante
1627 1468 1809 1542 dieta
1867 1471 2159 1564 pensite-

332 1592 566 1656 tnus3
627 1566 775 1639 haec
827 1596 1061 1659 ςοιχειω
1110 1566 1257 1640 sunt
1289 1566 1662 1640 multorum
1713 1566 1800 1640 de
1846 1591 1922 1642 re
1969 1567 2154 1642 Geo-

338 1660 647 1741 metrica
715 1665 980 1759 optime
1043 1663 1445 1738 meritorum
1493 1661 1923 1761 Scriptorum
1971 1666 2154 1759 prin-

340 1762 532 1859 cipia
610 1759 692 1834 ἃ
785 1761 1254 1835 fundamenta.
1365 1763 1464 1835 Ea
1540 1761 1690 1834 sunt
1763 1759 1994 1835 fontes
2076 1759 2172 1837 δε

336 1858 802 1956 scaturigines
853 1872 945 1933 ex
995 1858 1237 1956 quibus
1286 1878 1396 1932 tot
1443 1857 1776 1933 effluxere
1843 1859 2170 1939 Geome·‘

340 1959 498 2031 triae
542 1956 811 2041 rivuli.
880 1956 981 2029 Ea
1024 1956 1176 2029 sunt
1225 1956 1672 2030 fundamenta
1703 1958 1904 2031 firma
1934 2014 1955 2047 ,
2003 1957 2147 2057 qui-

337 2057 472 2151 ‚bus
512 2070 653 2127 'tot
714 2053 1114 2151 Geometras:
1160 2055 1460 2128 Veteres
1511 2054 1700 2141 suurn
1751 2054 2156 2131 Mathema-

342 2154 562 2224 ticum
637 2150 1010 2222 aedificium
1092 2149 1670 2247 superstruxere3
1755 2176 1858 2224 xac
1928 2150 2151 2227 adhuc

344 2249 558 2324 hodie
637 2247 1097 2322 Recenfiores
1176 2248 1371 2346 super
1447 2248 1528 2322 iis
1606 2247 1932 2321 condunt.
2048 2251 2151 2323 Ea

350 2348 501 2420 sunt
560 2367 671 2419 tot
732 2346 1097 2419 Elementa
1158 2367 1495 2445 quotquot
1555 2347 1880 2441 praeclara
1942 2345 2149 2423 habe·

347 2468 502 2516 mus
545 2468 761 2540 opera
808 2443 1270 2517 Geometrica.
1378 2447 1586 2517 Forte
1629 2443 1838 2519 etiam
1884 2445 1958 2517 in
2021 2471 2138 2541 ge·

350 2565 521 2614 nere
580 2541 758 2615 dixit
806 2539 998 2612 filum
1046 2565 1218 2638 opus
1269 2571 1505 2635 ςοιχωι
1540 2597 1561 2630 ,
1628 2564 1772 2615 non
1820 2540 1906 2614 ad
1958 2538 2144 2615 'Geo-

344 2639 665 2713 metriam
742 2657 1012 2710 tantum
1057 2694 1076 2725 ‚
1148 2638 1263 2712 sed
1340 2640 1428 2713 ad
1478 2638 1637 2712 alias
1714 2636 2143 2749 quascunque

340 2736 771 2813 intellectum
819 2735 1259 2830 perficientes
1306 2733 1383 2809 &
1435 2755 1757 2809 ornantes
1806 2735 2142 2814 Scientlas

337 2835 477 2910 sese
543 2832 1017 2908 extendentia.
1120 2837 1332 2910 Forte
1406 2835 1601 2930 plura
1643 2832 1759 2906 sub
1806 2832 1938 2906 isto
1995 2834 2142 2905 Ele,-

340 2953 743 3005 mentorum
819 2930 1163 3004 vocabulo
1209 2927 1571 3007 intellexit.
1674 2929 2148 3002 Commandt'nus

340 3050 516 3100 ‘vero
594 3051 720 3123 per
800 3026 1281 3102 excellentiam
1364 3026 1708 3126 quandam
1785 3026 1965 3095 hanc
2042 3022 2145 3098 in-

338 3117 787 3219 scriptionem
846 3125 937 3198 de
987 3121 1398 3199 Geometria
1440 3118 1958 3214 intelligendam
2007 3114 2144 3198 effe

333 3239 594 3321 putat:
661 3221 977 3321 idemque
1041 3220 1206 3296 effet
1267 3241 1349 3293 ac
1413 3220 1788 3292 Oratorem
1819 3214 2144 3298 ,dicentes

331 3317 842 3404 Demosthenem:
909 3321 1195 3394 Poe'tam
1246 3324 1593 3390 Homerum
1650 3312 1763 3388 vel
1809 3318 2151 3413 Virgilium

330 3415 840 3517 intelligimus3
906 3416 999 3489 s1c
1067 3414 1280 3491 etiam
1347 3416 1717 3490 Elementa
1779 3412 2091 3487 dicentes
2117 3464 2147 3504 ‚

330 3513 793 3593 Geometrica
839 3512 1287 3613 intelligenda
1334 3513 1471 3590 effe
1502 3568 1527 3605 ,
1591 3509 1964 3586 existimat.
2071 3601 2074 3610 μ

839 3708 879 3754 ¹·
909 3713 948 3755 ’ν
978 3713 1018 3764 2·
1049 3712 1087 3756 *ψ
1122 3715 1163 3763 ¹·
1208 3736 1260 3803 4
1680 3695 1757 3791 ς.
1808 3702 2139 3779 xxvm.
